@misc{aaa_hoangha2024,
    author    = "Nguyễn Đức Hoàng Hạ",
    title     = "{An Introduction to Programming the Internet of Things (IoT) Lecturer Slides}",
    year      = "2024",
    note      = "\url{https://drive.google.com/drive/folders/1Vo7YCZSkvnj8ns3Y5iACijcrUE82hDja}"
}

@misc{arduino2024,
    author    = "Arduino",
    title     = "{Arduino Home Page}",
    year      = "2024",
    note      = "\url{https://www.arduino.cc/}"
}

@misc{pallets2010,
    author    = "Pallets",
    title     = "{Flask User’s Guide}",
    year      = "2010",
    note      = "\url{https://flask.palletsprojects.com/}"
}

@misc{krshelar2020,
    author    = "krshelar",
    title     = "{Light Sensor using Arduino}",
    year      = "2020",
    note      = "\url{https://www.tinkercad.com/things/ek9dwFldgEI-light-sensor-using-arduino}"
}

@misc{f82024,
    author    = "Công ty cổ phần công nghệ giáo dục F8",
    title     = "{HTML CSS từ Zero đến Hero}",
    year      = "2024",
    note      = "\url{https://fullstack.edu.vn/courses/html-css}"
}

@misc{w3schools_css2024,
    author    = "W3Schools",
    title     = "{CSS Tutorial}",
    year      = "2024",
    note      = "\url{https://www.w3schools.com/css/}"
}

@misc{w3schools_html2024,
    author    = "W3Schools",
    title     = "{HTML Tutorial}",
    year      = "2024",
    note      = "\url{https://www.w3schools.com/html/}"
}

@misc{holoviz_panel_monitoring_dashboard,
    author    = "Holoviz Contributors",
    title     = "{Build a Monitoring Dashboard with Panel}",
    year      = "2024",
    note      = "\url{https://panel.holoviz.org/tutorials/build_monitoring_dashboard.html}"
}

@misc{holoviz_panel_chatbot,
    author    = "Holoviz Contributors",
    title     = "{Build a Streaming Chat Bot with Panel}",
    year      = "2024",
    note      = "\url{https://panel.holoviz.org/tutorials/build_chat_bot.html}"
}
@misc{panel155_release,
    author    = "Holoviz contributors",
    title     = "Panel v1.5.5 Documentation",
    year      = "2024",
    note      = "\url{https://panel.holoviz.org}",
}
